@online{xv60,
  author = {Cox R, Kaashoek M F, Morris R},
  title = {Xv6, a simple Unix-like teaching operating system},
  url = {http://pdos.csail.mit.edu/6.828/2012/xv6.html},
  urldate = {2022-11-07},
  year = {2012}, 
}
@book{riscv0,
  title={The RISC-V Instruction Set Manual. Volume 1: User-Level ISA, Version 2.0},
  author={ Waterman, A  and  Lee, Y  and  Patterson, Da  and  Asanovi, K },
  entrysubtype = {standard},
  year={2014},
}

@article{IoUring0,
  author          = {Seong S Y, Jung N H},
  journal         = {Journal of Korea Game Society},
  number          = {31-42},
  title           = {Improving performance of MMO game server using io\_uring I/O Model},
  volume          = {20(6)},
  year            = {2020}
}
@online{rcore0,
  author = {rCore-OS},
  title = {rCore-Tutorial-Book-V3},
  year = {2022},
  url = {http://rcore-os.cn/rCore-Tutorial-Book-v3/index.html},
  urldate = {2022-11-07}
}
@online{smoltcp0,
  author = {smoltcp},
  title = {smoltcp},
  year = {2022},
  url = {https://github.com/smoltcp-rs/smoltcp},
  urldate = {2022-11-07}
}
@Thesis{rcoren0,
    author      = {尤予阳},
    title       = {软硬件协同的用户态中断},
    institution = {清华大学},
    year        = {2022},
    urldate = {2022-11-07}
}
@online{tornado0,
  author = {蒋周奇，车春池},
  title = {飓风操作系统},
  year = {2021},
  url = {https://github.com/HUST-OS/tornado-os},
  urldate = {2022-11-07}
}
@online{theseus0,
  author = {Kevin Boos},
  title = {Thesus},
  year = {2022},
  url = {https://github.com/theseus-os/Theseus},
  urldate = {2022-11-07},
}
@online {IoUring1,
  author = {QingStor 分布式存储},
  title = {存储大师班 | Linux IO 模式之 io\_uring},
  year = {2021},
  urldate = {2022-11-07},
  url = {https://zhuanlan.zhihu.com/p/389978597},
}
@online {IoUring2,
  author = {Shuveb Hussain},
  title = {What is io\_uring?},
  year = {2022},
  urldate = {2022-11-07},
  url = {https://unixism.net/loti/what_is_io_uring.html}
}
@online {isabelle0,
  author = {Isabelle/HOL},
  title = {Isabelle/HOL},
  urldate = {2022-11-07},
  url = {https://isabelle.in.tum.de/overview.html}
}
@inproceedings{theseus1,
author = {Kevin Boos and Namitha Liyanage and Ramla Ijaz and Lin Zhong},
title = {Theseus: an Experiment in Operating System Structure and State Management},
booktitle = {14th USENIX Symposium on Operating Systems Design and Implementation (OSDI 20)},
year = {2020},
isbn = {978-1-939133-19-9},
pages = {1--19},
url = {https://www.usenix.org/conference/osdi20/presentation/boos},
publisher = {USENIX Association},
month = nov,
}
@online {qemu0,
  author = {Qemu},
  title = {Qemu},
  urldate = {2022-11-07},
  url = {https://www.qemu.org}
}
@online {philopp0,
  author = {Philipp Oppermann},
  title = {Writing an OS in Rust},
  urldate = {2022-11-07},
  url = {https://www.qemu.orghttps://os.phil-opp.com/}
}
@online {IoUring3,
  author = {一口Linux},
  title = {Linux异步I/O框架io\_uring：基本原理、程序示例与性能压测},
  year = {2022},
  urldate = {2022-11-07},
  url = {https://www.eet-china.com/mp/a116729.html}
}
@book {mach0,
  author = {Uresh Vahalia},
  title = {深入理解 UNIX 系统内核},
  publisher = {机械工业出版社},
  date = {2015-05-01},
  pages = {121--149}
}
@book {stl0,
  author = {侯捷},
  title = {STL源码剖析},
  publisher = {华中科技大学},
  date = {2002-06-01},
  pages = {43--112}
}
@online {rust0,
  author = {rust},
  title = {rust},
  urldate = {2022-11-07},
  url = {https://www.rust-lang.org/}
}
@online{intelUintr0,
  author = {Intel},
  title = {uintr-linux-kernel},
  year = {2021}, 
  url = {https://github.com/intel/uintr-linux-kernel},
  urldate = {2022-11-07}
}
